<record><leader>00000cas a22000007a 4500</leader><controlfield tag="001">15726244</controlfield><controlfield tag="008">870522d18821921iauwr ne      0    0eng d</controlfield><datafield ind1=" " ind2=" " tag="010"><subfield code="a">sn 87057488 </subfield></datafield><datafield ind1=" " ind2=" " tag="040"><subfield code="a">INP</subfield><subfield code="b">eng</subfield><subfield code="c">INP</subfield><subfield code="d">OCLCQ</subfield></datafield><datafield ind1=" " ind2=" " tag="042"><subfield code="a">msc</subfield></datafield><datafield ind1="0" ind2=" " tag="130"><subfield code="a">Milo motor (Milo, Iowa : 1882)</subfield></datafield><datafield ind1="1" ind2="0" tag="245"><subfield code="a">Milo motor.</subfield></datafield><datafield ind1=" " ind2=" " tag="260"><subfield code="a">Milo, Iowa :</subfield><subfield code="b">J.D. Haworth</subfield></datafield><datafield ind1=" " ind2=" " tag="300"><subfield code="a">v.</subfield></datafield><datafield ind1=" " ind2=" " tag="310"><subfield code="a">Weekly</subfield></datafield><datafield ind1="1" ind2=" " tag="362"><subfield code="a">Issued 1882-1921.</subfield></datafield><datafield ind1=" " ind2=" " tag="500"><subfield code="a">Publisher varies.</subfield></datafield><datafield ind1=" " ind2=" " tag="588"><subfield code="a">Description based on: Vol. 18, no. 24 (Oct. 18, 1900).</subfield></datafield><datafield ind1=" " ind2=" " tag="752"><subfield code="a">United States</subfield><subfield code="b">Iowa</subfield><subfield code="c">Warren</subfield><subfield code="d">Milo.</subfield></datafield><datafield ind1="0" ind2="0" tag="785"><subfield code="t">Milo enterprise</subfield><subfield code="w">(DLC)sn 87057489</subfield></datafield></record>